@article{cheng,
author={W.G. Cheng and S. Lo and Z. Fang and C. Cheng},
title="A view on the means of fire prevention of ancient Chinese buildings-from religious belief to practice",
journal="Structural Survey",
volume={22},
year={2004},
pages={201â€“209}
}

@article{ICC,
author={ICC},
title="Minimum number of exits",
journal="International Code Council",
volume={1019.1},
year={2006},
pages={}
}

@article{OSHA,
author={OSHA},
title="Design and construction requirements for exit routes",
journal="Occupational Safety \& Health Administration Standards 29-CFR",
volume={1910.36(b)},
year={2015},
pages={1-3}
}

@article{FLO,
author={FBC2010},
title="Exit and Exit Access Doorways",
journal="Florida Building Code Handbook",
volume={1015.1},
year={2010},
pages={90}
}

@article{FLO2,
author={FBC2010},
title="Doors, Gates and Turnstiles",
journal="Florida Building Code Handbook",
volume={1008.1},
year={2010},
pages={81}
}

@article{kirchner1,
author={A. Kirchner and A. Schadschneider},
title="Simulating of evacuation processes using a bionics-inspired cellular automaton model for pedestrian dynamics",
journal="Physica A",
volume={312},
year={2002},
pages={260-276}
}

@article{perez1,
author={G. Perez and G. Tapang and M. Lim and C. Saloma},
title="Streaming, disruptive interference and power-law behavior in the exit dynamics of confined pedestrians",
journal="Physica A",
volume={312},
year={2002},
pages={609-618}
}

@article{daoliang1,
author={Z. Daoliang and Y. Lizhong and L. Jian},
title="Exit dynamics of occupant evacuation in an emergency",
journal="Physica A",
volume={363},
year={2006},
pages={501-511}
}

@article{huanhuan1,
author={T. Huan-Huan and D. Li-Yun and X. Yu},
title="Influence of the exits' configuration on evacuation process in a room without obstacle",
journal="Physica A",
volume={420},
year={2015},
pages={164-178}
}


@article{Helbing1,
author={D. Helbing and I. Farkas and T. Vicsek},
title="Simulating dynamical features of escape panic",
journal="Nature",
volume={407},
year={2000},
pages={487-490}
}

@article{Helbing4,
author={D. Helbing and P. Moln\'ar},
title="Social force model for pedestrian dynamics",
journal="Physical Review E",
volume={51},
year={1995},
pages={4282-4286}
}

@article{Dorso1,
author={D. Parisi and C. Dorso},
title="Microscopic dynamics of pedestrian evacuation",
journal="Physica A",
volume={354},
year={2005},
pages={606-618}
}

@article{Dorso2,
author={D. Parisi and C. Dorso},
title="Morphological and dynamical aspects of the room evacuation process",
journal="Physica A",
volume={385},
year={2007},
pages={343-355}
}

@article{Dorso3,
author={G. Frank and C. Dorso},
title="Room evacuation in the presence of an obstacle",
journal="Physica A",
volume={390},
year={2011},
pages={2135-2145}
}

@article{Dorso4,
author={G. Frank and C. Dorso},
title="Evacuation under limited visibility",
journal="International Journal of Modern Physics C",
volume={26},
year={2015},
pages={1-18}
}


@article{lion,
  author={Thomas W Lion and Rosalind J Allen},
  title={Computing the local pressure in molecular dynamics simulations},
  journal={Journal of Physics: Condensed Matter},
  volume={24},
  number={28},
  pages={284133},
  url={http://stacks.iop.org/0953-8984/24/i=28/a=284133},
  year={2012},
  abstract={Computer simulations of inhomogeneous soft matter systems often require accurate methods for computing the local pressure. We present a simple derivation, based on the virial relation, of two equivalent expressions for the local (atomistic) pressure in a molecular dynamics simulation. One of these expressions, previously derived by other authors via a different route, involves summation over interactions between particles within the region of interest; the other involves summation over interactions across the boundary of the region of interest. We illustrate our derivation using simulations of a simple osmotic system; both expressions produce accurate results even when the region of interest over which the pressure is measured is very small.}
}

@article{mysen,
title = "Occupancy density and benefits of demand-controlled ventilation in Norwegian primary schools ",
journal = "Energy and Buildings ",
volume = "37",
number = "12",
pages = "1234 - 1240",
year = "2005",
note = "",
issn = "0378-7788",
doi = "http://dx.doi.org/10.1016/j.enbuild.2005.01.003",
url = "http://www.sciencedirect.com/science/article/pii/S037877880500040X",
author = "Mads Mysen and Sveinung Berntsen and Per Nafstad and Peter G. Schild",
keywords = "Schools",
keywords = "Constant air volume (CAV)",
keywords = "Demand-controlled ventilation (DCV)",
keywords = "Occupancy",
keywords = "Airflow rates",
keywords = "Energy use "
}

@article{plimpton,
title = "Fast Parallel Algorithms for Short-Range Molecular Dynamics",
journal = "Journal of Computational Physics",
volume = "117",
number = "1",
pages = "1 - 19",
year = "1995",
note = "",
issn = "0021-9991",
doi = "http://dx.doi.org/10.1006/jcph.1995.1039",
url = "http://www.sciencedirect.com/science/article/pii/S002199918571039X",
author = "Steve Plimpton",
}

@article{santos2004,
author={G. Santos and B. Aguirre},
title="A Critical Review of Emergency Evacuation Simulation Models",
journal="Proceeding of Conference Building Occupant Movement During Fire Emergencies. Preliminary paper nr. 339",
volume={Disaster Research Center, University of Delaware},
year={2004},
pages={1-52}
}

@article{Janda,
author={A. Janda, I. Zuriguel, A. Garcimartin and D. Maza},
title="Clogging of granular materials in narrow vertical pipes discharged at constant velocity",
journal="Physical Review E.",
year={2014},
pages={}
}


@article{Zhang,
author={X. Zhang and S. Zhang and G. Yang and P. Lin and Y. Tian and J.F. Wan and L. Yang},
title="Investigation of flow rate in a quasi-2D hopper with two symetric outlets",
journal="Physics Letters A.",
year={2015},
pages={}
}

@article{Pastor,
author={J.M Pastor and A. Garcimartin and P. Gago and J. Peralta and C. Gomez and L. Ferrer and D. Maza and D. Parisi and L. Pugnaloni and I. Zuriguel},
title="Experimental proof of faster-is-slower in systems of frictional particles flowing through constrictions",
journal="Physical Review E.",
year={2015},
pages={}
}



